@Book{knuth,
  author  = "Donald E. Knuth",
  title   = "The \TeX{}Book",
  address = "Reading, Massachusetts",
  year    = 1984,
  publisher = "Addison-Wesley"
}

@Book{lamport,
  author  = "Leslie Lamport",
  title   = "\LaTeX{}: A Document Preparation System",
  address = "Reading, Massachusetts",
  year    = 1986,
  publisher = "Addison-Wesley"
}

% Références partie 1
@Misc{adamic05,
author = "Adamic and Adar",
title = "How to search a social network",
journal = "?",
year = "2005"
}

@Misc{albert02,
author = "Albert and Barabási",
title = "Statistical mechanics of complex networks",
journal = "?",
year = "2002"
}

@Misc{brin99,
author = "Brin and Page",
title = "The Anatomy of a Large-Scale Hypertextual Web Search Engine",
journal = "?",
year = "1999"
}

@Misc{clarke00,
author = "Clarke and Sandberg and Wiley and Hong",
title = "Freenet: A Distributed Anonymous Information Storage and Retrieval System",
journal = "?",
year = "2000"
}

@Misc{clauset08,
author = "Clauset and Moore and Newman",
title = "Hierarchical structure and the prediction of missing links in networks",
journal = "?",
year = "2008"
}

@Misc{clauset04,
author = "Clauset and Newman and Moore",
title = "Finding community structure in very large networks",
journal = "?",
year = "2004"
}

@Misc{erdos60,
author = "Erdõs and Rényi",
title = "On the evolution of random graphs",
journal = "?",
year = "1960"
}

@Misc{girvan01,
author = "Girvan and Newman",
title = "Community structure in social and biological networks",
journal = "?",
year = "2001"
}

@Misc{hofman09,
author = "Hofman",
title = "Social network analysis with Hadoop",
journal = "?",
year = "2009"
}

@Misc{jacomy09,
author = "Jacomy",
title = "Introduction à l’exploration du web par la théorie des graphes",
journal = "?",
year = "2009"
}

@Misc{kleinberg97,
author = "Kleinberg",
title = "Authoritative Sources in a Hyperlinked Environment",
journal = "?",
year = "1997"
}

@Misc{kleinberg00,
author = "Kleinberg",
title = "The Small-World Phenomenon: An Algorithmic Perspective",
journal = "?",
year = "2000"
}

@Misc{kossinets06,
author = "Kossinets and Watts",
title = "Empirical Analysis of an Evolving Social Network",
journal = "?",
year = "2006"
}

@Misc{leskovec08,
author = "Leskovec",
title = "Dynamics of Large Networks",
journal = "?",
year = "2008"
}

@Misc{leskovec07,
author = "Leskovec and Horvitz",
title = "Planetary-Scale Views on an Instant-Messaging Network",
journal = "?",
year = "2007"
}

@Misc{leskovec05a,
author = "Leskovec and Chakrabarti and Kleinberg and Faloutsos",
title = "Realistic and Mathematically Tractable Graph Generation and Evolution and Using Kronecker Multiplication",
journal = "?",
year = "2005"
}

@Misc{leskovec10,
author = "Leskovec and Chakrabarti and Kleinberg and Faloutsos and Ghahramani",
title = "Kronecker Graphs: An Approach to Modeling Networks",
journal = "?",
year = "2010"
}

@Misc{leskovec05b,
author = "Leskovec and Kleinberg and Faloutsos",
title = "Graphs over Time: Densification Laws and Shrinking",
journal = "?",
year = "2005"
}

@Misc{li07,
author = "Li and Tang and Zhang and Luo and Liu and Hong",
title = "EOS: Expertise Oriented Search Using Social Networks",
journal = "?",
year = "2007"
}

@Misc{liben-nowell04,
author = "Liben-Nowell and Kleinberg",
title = "The Link Prediction Problem for Social Networks",
journal = "?",
year = "2004"
}

@Misc{liben-nowell05,
author = "Liben-Nowell and Novakz and Kumarz and Raghavanx and Tomkinsz",
title = "Geographic Routing in Social Networks",
journal = "?",
year = "2005"
}

@Misc{luxburg07,
author = "Luxburg and V",
title = "A Tutorial on Spectral Clustering",
journal = "?",
year = "2007"
}

@Misc{mislove07,
author = "Mislove and Marcon and Gummadi and Druschel and Bhattacharjee",
title = "Measurement and Analysis of Online Social Networks",
journal = "?",
year = "2007"
}

@Misc{newman03,
author = "Newman",
title = "Fast algorithm for detecting community structure in networks",
journal = "?",
year = "2003"
}

@Misc{newman01,
author = "Newman",
title = "Scientific collaboration networks",
journal = "?",
year = "2001"
}

@Misc{newman03,
author = "Newman",
title = "The structure and function of complex networks",
journal = "?",
year = "2003"
}

@Misc{palla05,
author = "Palla and Derényi and Farkas and Vicsek",
title = "Uncovering the overlapping community structure of complex networks in nature and society",
journal = "?",
year = "2005"
}

@Misc{price65,
author = "Price",
title = "Networks of Scientific Papers",
journal = "?",
year = "1965"
}

@Misc{snijders05,
author = "Snijders and Steglich and Schweinberger",
title = "Modeling the co-evolution of networks and behavior",
journal = "?",
year = "2005"
}

@Misc{song05,
author = "Song and Tseng and Lin and Sun",
title = "ExpertiseNet: Relational and Evolutionary Expert Modeling",
journal = "?",
year = "2005"
}

@Misc{tossell06,
author = "Tossell and I",
title = "Love to hate MySpace? Check out the buzz",
journal = "?",
year = "2006"
}

@Misc{travers69,
author = "Travers and Milgram",
title = "An Experimental Study of the Small World Problem",
journal = "?",
year = "1969"
}

@Misc{wasserman96,
author = "Wasserman and Pattison",
title = "Logit models and logistic regressions for social networks: I. An introduction to markov graphs and p*",
journal = "?",
year = "1996"
}

@Misc{watts98,
author = "Watts and Strogatz",
title = "Collective dynamics of ‘small-world’ networks",
journal = "?",
year = "1998"
}

@Misc{zachary77,
author = "Zachary",
title = "An Information Flow Model for Conflict and Fission in Small Groups",
journal = "?",
year = "1977"
}

@unpublished{couchsurfing,
  author  = "Katherin Peterson and Katie A. Siek",
  title    = "Analysis of Information Disclosure on a Social Networking Site",
  year    = 2009
}

@article{marcL,
  author  = "Raphaël Metz",
  journal = "Le Tigre",
  title   = "Marc L***",
  month   = jan,
  year    = 2009,
  note    = "URL : http://www.le-tigre.net/Marc-L.html"
}

@article{marcLFigaro,
  author  = "Samuel Laurent",
  journal = "Le Figaro",
  title   = "Un internaute mis à nu à partir de ses traces sur le web",
  month   = jan,
  year    = 2009,
  note    = "URL : http://www.lefigaro.fr/hightech/2009/01/15/01007-20090115ARTFIG00625-un-internaute-mis-a-nu-a-partir-de-ses-traces-sur-le-web-.php"
}

@article{aolProfile,
  author  = "Michael Barbaro",
  journal = "The New York Times",
  title   = "A Face Is Exposed for AOL Searcher No. 4417749",
  month   = aug,
  year    = 2006,
  note    = "URL : http://www.nytimes.com/2006/08/09/technology/09aol.html?pagewanted=all"
}

@misc{revenusGoogle,
  author  = "Google",
  title   = "Google's Income Statement Information",
  year    = 2011,
  note    = "URL : http://investor.google.com/financial/tables.html"
}

@article{plainteGmail,
  author  = "Philippe Astor",
  journal = "ztndet.fr",
  title   = "Un groupe de défense de la vie privée porte plainte contre le service Gmail de Google",
  year    = 2004,
  note    = "URL : http://www.zdnet.fr/actualites/un-groupe-de-defense-de-la-vie-privee-porte-plainte-contre-le-service-gmail-de-google-39148165.htm"
}

@article{pubGmail,
  author  = "Estelle Dumout",
  journal = "ztndet.fr",
  title   = "Nouveau créneau pour Google: la pub ciblée dans le courrier privé",
  year    = 2004,
  note    = "URL : http://www.zdnet.fr/actualites/nouveau-creneau-pour-google-la-pub-ciblee-dans-le-courrier-prive-39147650.htm"
}

@article{pubReseauxSociaux,
  author  = "Florian Puisais",
  journal = "presse-citron.net",
  title   = "La plateforme Google+ contre Facebook, ou l’enjeu des données personnelles pour la publicité online",
  year    = 2011,
  note    = "URL : http://www.presse-citron.net/la-plateforme-google-contre-facebook-ou-l\%E2\%80\%99enjeu-des-donnees-personnelles-pour-la-publicite-online"
}

@misc{statsFB,
  author  = "Facebook",
  title   = "Brochure",
  year    = 2011,
  note    = "URL : https://www.facebook.com/press/info.php?factsheet"
}

@article{privacyDB,
  author  = "Avrim Blum, Cynthia Dwork, Frank McSherry and Kobbi Nissim",
  journal = "ACM",
  title    = "Practical Privacy: The SuLQ Framework",
  year    = 2005,
  note    = "URL : http://research.microsoft.com/pubs/64351/bdmn.pdf"
}

@unpublished{crackPrivacyDB,
  author  = "Irit Dinur and Kobbi Nissi",
  title    = "Revealing Information while Preserving Privacy",
  year    = 2004,
  note    = "URL : http://www.cs.bgu.ac.il/~kobbi/papers/psd.pdf"
}

@unpublished{noiseDB,
  author  = "Cynthia Dwork, Frank McSherry, Kobbi Nissim and Adam Smith",
  title    = "Calibrating Noise to Sensitivity in Private Data Analysis",
  year    = 2009,
  note    = "URL : http://people.csail.mit.edu/asmith/PS/sensitivity-tcc-final.pdf"
}

@article{privacyDM,
  author  = "Alexandre Evfimievski, Johannes Gehrke and Ramakrishnan Srikant",
  journal = "ACM",
  title    = "Limiting privacy breaches in privacy preserving data mining",
  year    = 2003,
  note    = "URL : http://www.cs.cornell.edu/johannes/papers/2003/pods03-privacy.pdf"
}

% Utilisation de \textunderscore pour pallier a un problème de Pdflatex avec Bibtex apparamment
@unpublished{deanonymization,
  author  = "Arvind Narayanan and Vitaly Shmatikov",
  title    = "Robust De-anonymization of Large Datasets",
  year    = 2006,
  note    = "Ancien titre : How To Break Anonymity of the Netflix Prize Dataset, URL : http://arxiv.org/PS\textunderscore cache/cs/pdf/0610/0610105v2.pdf"
}

@article{AlgoEM,
  author  = "A.P. Dempster",
  journal = "Journal of the Royal Statistical Society",
  title    = "Maximum Likelihood from Incomplete Data via the EM Algorithm",
  year    = 1997
}

@misc{randomDM,
  author  = "D. Agrawal and C. C. Aggarwal",
  title    = "On the Design and Quantiﬁcation of Privacy Preserving Data Mining Algorithms",
  year    = 2001,
  note    = "URL : http://charuaggarwal.net/private.pdf"
}

%references partie 3

@misc{kdd98,
    author = "Charles X. Ling and Chenghui Li",
    title = "Data Mining for Direct Marketing: Problems and Solutions",
    year = 1998
}

@article{VM,
    author = "Steve Juvertson",
    title = "What exactly is viral marketing?",
    year = 2000,
    note = "URL : http://currypuffandtea.files.wordpress.com/2008/03/viral-marketing.pdf"
}

@misc{kdd03,
    author = "David Kempe, Jon Kleinberg and Eva Tardos",
    title = "Maximizing the Spread of Influence through a Social Network",
    year = 2003,
    note = "URL : http://www.cs.cornell.edu/home/kleinber/kdd03-inf.pdf"
}

@book{MM,
    author = "Philip Kotler, Kevin Keller, Delphine Manceau, Bernard Dubois",
    title = "Marketing Management",
    year = 2009,
    publisher = "Pearson",
}

@misc{kdd01a,
    author = "Pedro Domingos and Matthew Richardson",
    title = "Mining the Network Value of Customers",
    year = 2001,
    note = "URL : http://www.cs.washington.edu/homes/pedrod/papers/kdd01a.pdf"
}

@misc{viralTWeb,
    author = "Jure Leskovec, Bernardo A. Huberman and Lada A. Adamic",
    title = "The dynamics of voral marketing",
    year = 2007,
    note = "URL : http://www-personal.umich.edu/~ladamic/papers/viral/viralTWeb.pdf"
}


@misc{kdd02b,
    author = "Pedro Domingos and Matthew Richardson",
    title = "Mining Knowledge-Sharing Sites for Viral Marketing",
    year = 2002,
    note = "URL : http://www.cs.washington.edu/homes/pedrod/papers/kdd02b.pdf"
}

@misc{MSNVM,
    author = "Pedro Domingos",
    title = "Mining Social Networks for Viral Marketing",
    year = 2004,
    note = "URL : http://dl.dropbox.com/u/18765753/mrk6092/9.viral-marketing/10.1.1.76.4474.pdf"
}

@article{MarketMasseDirect,
    author = "Marie Boulain",
    title = "Marketing de masse ou marketing direct",
    year = 2005,
    note = "URL : http://www.fcsq.qc.ca/publications/savoir/Decembre-2005/Page-6.pdf"
}

